@book{Netto2003,
	author    = {Paulo Oswaldo Boaventura Netto},
	title     = {Grafos: teoria, modelos, algoritmos},
	year      = {2003},
	publisher = {Editora Blucher},
	location  = {São Paulo}
}

@mastersthesis{Pereira2021,
	author   = {Wanderson Douglas Lomenha Pereira},
	title    = {Decomposição de grafos em subgrafos localmente irregulares},
	type     = {Dissertação (Mestrado em Engenharia de Sistemas e Computação)},
	school   = {COPPE/UFRJ},
	address  = {Rio de Janeiro},
	year     = {2021},
	month    = apr,
	url      = {https://www.pesc.coppe.ufrj.br/uploadfile/publicacao/2990.pdf},
	urldate  = {2025-08-28}
}

@online{OliveiraRangelAraujo_OperacoesGrafos_2013,
	author        = {Valeriano A. de Oliveira and Socorro Rangel and Silvio A. de Araujo},
	title         = {Teoria dos Grafos: Capítulo 6 — Operações com Grafos},
	date          = {2013},
	organization  = {IBILCE/UNESP, Departamento de Matemática Aplicada},
	url           = {https://www.ibilce.unesp.br/Home/Departamentos/MatematicaAplicada/docentes/socorro/operacoescomgrafos.pdf},
	urldate       = {2025-08-28},
	note          = {Notas de aula}
}

@online{OliveiraRangelAraujo_ConjuntosCorte_2017,
	author        = {Valeriano A. de Oliveira and Socorro Rangel and Silvio A. de Araujo},
	title         = {Teoria dos Grafos: Capítulo 14 — Conjuntos de Corte e Conectividade},
	date          = {2017},
	organization  = {IBILCE/UNESP, Departamento de Matemática Aplicada},
	url           = {https://www.ibilce.unesp.br/Home/Departamentos/MatematicaAplicada/docentes/socorro/conjuntoscorte2017.pdf},
	urldate       = {2025-08-28},
	note          = {Notas de aula}
}

@online{CESAD_UFS_Aula7_2012,
	title         = {Matemática Discreta — Aula 7: Grafos},
	organization  = {CESAD/Universidade Federal de Sergipe},
	date          = {2012},
	url           = {https://cesad.ufs.br/ORBI/public/uploadCatalago/17364316022012Matem\%C3\%A1tica_Discreta_Aula_7.pdf},
	urldate       = {2025-08-28},
	note          = {Material didático}
}

@inproceedings{RodriguesSilvaFilho2016,
	author    = {P. M. S. Rodrigues and P. A. Silva Filho},
	title     = {Quantificação das emissões de dióxido de carbono (CO2) por veículos automotores na cidade de Boa Vista/RR – 2005 a 2015},
	booktitle = {Anais do 7º Congresso Luso-Brasileiro para o Planejamento Urbano, Regional, Integrado e Sustentável (PLURIS 2016)},
	address   = {Maceió, AL},
	year      = {2016},
	url       = {https://fau.ufal.br/evento/pluris2016/files/Tema\%203\%20-\%20Mobilidade\%20e\%20Transportes/Paper1612.pdf},
	urldate   = {2025-08-28}
}

@online{Wikipedia_GraphTheory,
	author   = {{Wikipedia contributors}},
	title    = {Graph theory},
	year     = {2025},
	url      = {https://en.wikipedia.org/wiki/Graph_theory},
	urldate  = {2025-08-28},
	note     = {Wikipedia, The Free Encyclopedia}
}

@online{SigaVerde_CalculadoraFrota,
	title        = {Calcule aqui a emissão de carbono da sua frota},
	organization = {SigaVerde},
	url          = {https://www.sigaverde.com/calcule-aqui-a-emissao-de-carbono-da-sua-frota/},
	urldate      = {2025-08-28}
}

@online{LASTROP_CalculadoraEmissoes,
	title        = {Calculadora de Emissões no Transporte},
	organization = {LASTROP — ESALQ/USP},
	url          = {https://esalqlastrop.com.br/capa.asp?pi=calculadora_emissoes},
	urldate      = {2025-08-28}
}

